@Article{Tsuchiya2005,
    author={Tsuchiya, Naotsugu and Koch, Christof},
    title={Continuous flash suppression reduces negative afterimages},
    journal={Nature Neuroscience},
    year={2005},
    month={Aug},
    day={01},
    volume={8},
    number={8},
    pages={1096-1101},
    issn={1546-1726},
    doi={10.1038/nn1500},
    url={https://doi.org/10.1038/nn1500}
}

@Article{Pournaghdali2020,
    author={Pournaghdali, Ali and Schwartz, Bennett L.},
    title={Continuous flash suppression: Known and unknowns},
    journal={Psychonomic Bulletin {\&} Review},
    year={2020},
    month={Dec},
    day={01},
    volume={27},
    number={6},
    pages={1071-1103},
    issn={1531-5320},
    doi={10.3758/s13423-020-01771-2},
    url={https://doi.org/10.3758/s13423-020-01771-2}
}

@misc{MichaelOSF,
  title        = {Facial Ambiguity and Perception: How Face-Likeness Affects Breaking Time in Continuous Flash Suppression},
  author       = {Michael Makoto Martinsen},
  year         = {2024},
  url          = {https://osf.io/jes4u/},
  note         = {Accessed: 2024-09-09}
}